<?xml version="1.0" encoding="UTF-8"?><collection xmlns="http://www.loc.gov/MARC21/slim"><record><leader>00565nam--2200193-i-4500</leader><controlfield tag="001">000028586</controlfield><controlfield tag="002">20161230</controlfield><controlfield tag="005">20170201142246</controlfield><controlfield tag="008">060222s1000------------r-----000-0-eng-d</controlfield><datafield ind1=" " ind2=" " tag="040"><subfield code="a">IFIN-HH</subfield></datafield><datafield ind1=" " ind2=" " tag="041"><subfield code="a">eng</subfield></datafield><datafield ind1=" " ind2=" " tag="080"><subfield code="a">535.339.41</subfield></datafield><datafield ind1="1" ind2=" " tag="100"><subfield code="a">Herzberg, Gerhard</subfield></datafield><datafield ind1="1" ind2="0" tag="245"><subfield code="a">Molecular spectra and molecular structure</subfield><subfield code="b">Vol. I. SPECTRA OF DIATOMIC MOLECULES</subfield><subfield code="c">Gerhard Herzberg</subfield></datafield><datafield ind1=" " ind2=" " tag="250"><subfield code="a">Second Edition, Fourth Printing</subfield></datafield><datafield ind1=" " ind2=" " tag="260"><subfield code="a">LONDON</subfield><subfield code="b">D. Van Nostrand Company, Inc</subfield><subfield code="c">1950</subfield></datafield><datafield ind1=" " ind2=" " tag="300"><subfield code="a">658p</subfield></datafield><datafield ind1=" " ind2=" " tag="852"><subfield code="a">10883</subfield><subfield code="c">535.33</subfield></datafield><datafield ind1=" " ind2=" " tag="CAT"><subfield code="a">SYS</subfield><subfield code="c">20170201</subfield><subfield code="h">142246</subfield></datafield></record></collection>